{"id":"gen9ou-2489314245","format":"[Gen 9] OU","players":["spamtongspamtondr","ausar489"],"log":"|j|\u2606spamtongspamtondr\n|j|\u203dausar489\n|t:|1764263709\n|gametype|singles\n|player|p1|spamtongspamtondr|emmet|1387\n|player|p2|ausar489|unknown|1439\n|gen|9\n|tier|[Gen 9] OU\n|rated|\n|rule|HP Percentage Mod: HP is shown in percentages\n|rule|Endless Battle Clause: Forcing endless battles is banned\n|rule|Species Clause: Limit one of each Pok\u00e9mon\n|rule|OHKO Clause: OHKO moves are banned\n|rule|Evasion Items Clause: Evasion items are banned\n|rule|Evasion Moves Clause: Evasion moves are banned\n|rule|Evasion Abilities Clause: Evasion abilities are banned\n|rule|Sleep Moves Clause: Sleep-inducing moves are banned\n|clearpoke\n|poke|p1|Glastrier|\n|poke|p1|Regirock|\n|poke|p1|Zamazenta-*|\n|poke|p1|Iron Treads|\n|poke|p1|Scizor, F|\n|poke|p1|Raging Bolt|\n|poke|p2|Ceruledge, M|\n|poke|p2|Torkoal, F|\n|poke|p2|Great Tusk|\n|poke|p2|Walking Wake|\n|poke|p2|Venusaur, F|\n|poke|p2|Hatterene, F|\n|teampreview\n|inactive|Battle timer is ON: inactive players will automatically lose when time's up. (requested by spamtongspamtondr)\n|j| ZambiaZard\n|l| ZambiaZard\n|\n|t:|1764263721\n|teamsize|p1|6\n|teamsize|p2|6\n|start\n|switch|p1a: UN UN UN|Regirock|100\/100\n|switch|p2a: Torkoal|Torkoal, F|100\/100\n|-weather|SunnyDay|[from] ability: Drought|[of] p2a: Torkoal\n|turn|1\n|\n|t:|1764263739\n|switch|p2a: Great Tusk|Great Tusk|100\/100\n|-activate|p2a: Great Tusk|ability: Protosynthesis\n|-start|p2a: Great Tusk|protosynthesisatk\n|move|p1a: UN UN UN|Curse|p1a: UN UN UN\n|-unboost|p1a: UN UN UN|spe|1\n|-boost|p1a: UN UN UN|atk|1\n|-boost|p1a: UN UN UN|def|1\n|\n|-weather|SunnyDay|[upkeep]\n|upkeep\n|turn|2\n|\n|t:|1764263752\n|-end|p2a: Great Tusk|Protosynthesis|[silent]\n|switch|p2a: Walking Wake|Walking Wake|100\/100\n|-activate|p2a: Walking Wake|ability: Protosynthesis\n|-start|p2a: Walking Wake|protosynthesisspe\n|move|p1a: UN UN UN|Curse|p1a: UN UN UN\n|-unboost|p1a: UN UN UN|spe|1\n|-boost|p1a: UN UN UN|atk|1\n|-boost|p1a: UN UN UN|def|1\n|\n|-weather|SunnyDay|[upkeep]\n|upkeep\n|turn|3\n|\n|t:|1764263757\n|-terastallize|p1a: UN UN UN|Poison\n|move|p2a: Walking Wake|Hydro Steam|p1a: UN UN UN\n|-damage|p1a: UN UN UN|42\/100\n|move|p1a: UN UN UN|Stone Edge|p2a: Walking Wake\n|-damage|p2a: Walking Wake|22\/100\n|\n|-weather|SunnyDay|[upkeep]\n|-heal|p1a: UN UN UN|48\/100|[from] item: Leftovers\n|upkeep\n|turn|4\n|c|\u2606spamtongspamtondr|jesus\n|\n|t:|1764263763\n|move|p2a: Walking Wake|Hydro Steam|p1a: UN UN UN\n|-damage|p1a: UN UN UN|0 fnt\n|faint|p1a: UN UN UN\n|\n|-weather|SunnyDay|[upkeep]\n|upkeep\n|\n|t:|1764263766\n|switch|p1a: cheeklappen|Raging Bolt|100\/100\n|-activate|p1a: cheeklappen|ability: Protosynthesis\n|-start|p1a: cheeklappen|protosynthesisspa\n|turn|5\n|\n|t:|1764263773\n|-end|p2a: Walking Wake|Protosynthesis|[silent]\n|switch|p2a: Hatterene|Hatterene, F|100\/100\n|move|p1a: cheeklappen|Dragon Pulse|p2a: Hatterene\n|-immune|p2a: Hatterene\n|\n|-weather|SunnyDay|[upkeep]\n|upkeep\n|turn|6\n|\n|t:|1764263778\n|move|p1a: cheeklappen|Calm Mind|p1a: cheeklappen\n|-boost|p1a: cheeklappen|spa|1\n|-boost|p1a: cheeklappen|spd|1\n|move|p2a: Hatterene|Healing Wish|p2a: Hatterene\n|faint|p2a: Hatterene\n|\n|-weather|SunnyDay|[upkeep]\n|upkeep\n|\n|t:|1764263786\n|switch|p2a: Walking Wake|Walking Wake|22\/100\n|-heal|p2a: Walking Wake|100\/100|[from] move: Healing Wish\n|-activate|p2a: Walking Wake|ability: Protosynthesis\n|-start|p2a: Walking Wake|protosynthesisspe\n|turn|7\n|\n|t:|1764263792\n|move|p1a: cheeklappen|Thunderclap|p2a: Walking Wake\n|-damage|p2a: Walking Wake|0 fnt\n|faint|p2a: Walking Wake\n|-end|p2a: Walking Wake|Protosynthesis|[silent]\n|\n|-weather|SunnyDay|[upkeep]\n|upkeep\n|\n|t:|1764263794\n|switch|p2a: Great Tusk|Great Tusk|100\/100\n|-activate|p2a: Great Tusk|ability: Protosynthesis\n|-start|p2a: Great Tusk|protosynthesisatk\n|turn|8\n|\n|t:|1764263796\n|move|p2a: Great Tusk|Headlong Rush|p1a: cheeklappen\n|-supereffective|p1a: cheeklappen\n|-damage|p1a: cheeklappen|0 fnt\n|-unboost|p2a: Great Tusk|def|1\n|-unboost|p2a: Great Tusk|spd|1\n|faint|p1a: cheeklappen\n|-end|p1a: cheeklappen|Protosynthesis|[silent]\n|\n|-weather|none\n|-end|p2a: Great Tusk|Protosynthesis\n|upkeep\n|\n|t:|1764263799\n|switch|p1a: HONSE|Glastrier|100\/100\n|turn|9\n|\n|t:|1764263802\n|-end|p2a: Great Tusk|Protosynthesis|[silent]\n|switch|p2a: Torkoal|Torkoal, F|100\/100\n|-weather|SunnyDay|[from] ability: Drought|[of] p2a: Torkoal\n|move|p1a: HONSE|Icicle Crash|p2a: Torkoal|[miss]\n|-miss|p1a: HONSE|p2a: Torkoal\n|\n|-weather|SunnyDay|[upkeep]\n|upkeep\n|turn|10\n|\n|t:|1764263804\n|move|p2a: Torkoal|Overheat|p1a: HONSE\n|-supereffective|p1a: HONSE\n|-damage|p1a: HONSE|17\/100\n|-unboost|p2a: Torkoal|spa|2\n|move|p1a: HONSE|High Horsepower|p2a: Torkoal\n|-supereffective|p2a: Torkoal\n|-damage|p2a: Torkoal|34\/100\n|\n|-weather|SunnyDay|[upkeep]\n|upkeep\n|turn|11\n|\n|t:|1764263812\n|move|p2a: Torkoal|Overheat|p1a: HONSE|[miss]\n|-miss|p2a: Torkoal|p1a: HONSE\n|move|p1a: HONSE|High Horsepower|p2a: Torkoal\n|-supereffective|p2a: Torkoal\n|-crit|p2a: Torkoal\n|-damage|p2a: Torkoal|0 fnt\n|faint|p2a: Torkoal\n|-ability|p1a: HONSE|Chilling Neigh|boost\n|-boost|p1a: HONSE|atk|1\n|\n|-weather|SunnyDay|[upkeep]\n|upkeep\n|\n|t:|1764263814\n|switch|p2a: Ceruledge|Ceruledge, M, shiny|100\/100\n|turn|12\n|c|\u2606spamtongspamtondr|assault vest if youre wondering\n|\n|t:|1764263820\n|move|p2a: Ceruledge|Swords Dance|p2a: Ceruledge\n|-boost|p2a: Ceruledge|atk|2\n|move|p1a: HONSE|High Horsepower|p2a: Ceruledge\n|-supereffective|p2a: Ceruledge\n|-enditem|p2a: Ceruledge|Focus Sash\n|-damage|p2a: Ceruledge|1\/100\n|-ability|p2a: Ceruledge|Weak Armor|boost\n|-unboost|p2a: Ceruledge|def|1\n|-boost|p2a: Ceruledge|spe|2\n|\n|-weather|SunnyDay|[upkeep]\n|upkeep\n|turn|13\n|\n|t:|1764263824\n|move|p2a: Ceruledge|Bitter Blade|p1a: HONSE\n|-supereffective|p1a: HONSE\n|-damage|p1a: HONSE|0 fnt\n|-heal|p2a: Ceruledge|13\/100|[from] drain|[of] p1a: HONSE\n|faint|p1a: HONSE\n|\n|-weather|SunnyDay|[upkeep]\n|upkeep\n|\n|t:|1764263826\n|switch|p1a: keygen|Scizor, F|100\/100\n|turn|14\n|\n|t:|1764263828\n|move|p2a: Ceruledge|Shadow Sneak|p1a: keygen\n|-damage|p1a: keygen|60\/100\n|move|p1a: keygen|Bullet Punch|p2a: Ceruledge\n|-resisted|p2a: Ceruledge\n|-damage|p2a: Ceruledge|0 fnt\n|faint|p2a: Ceruledge\n|\n|-weather|SunnyDay|[upkeep]\n|upkeep\n|\n|t:|1764263833\n|switch|p2a: Venusaur|Venusaur, F|100\/100\n|turn|15\n|\n|t:|1764263834\n|move|p2a: Venusaur|Weather Ball|p1a: keygen\n|-supereffective|p1a: keygen\n|-damage|p1a: keygen|0 fnt\n|faint|p1a: keygen\n|-damage|p2a: Venusaur|91\/100|[from] item: Life Orb\n|\n|-weather|SunnyDay|[upkeep]\n|upkeep\n|\n|t:|1764263836\n|switch|p1a: dogecoin|Zamazenta|100\/100\n|-ability|p1a: dogecoin|Dauntless Shield|boost\n|-boost|p1a: dogecoin|def|1\n|turn|16\n|\n|t:|1764263844\n|move|p2a: Venusaur|Sludge Bomb|p1a: dogecoin\n|-damage|p1a: dogecoin|50\/100\n|-damage|p2a: Venusaur|81\/100|[from] item: Life Orb\n|move|p1a: dogecoin|Crunch|p2a: Venusaur\n|-damage|p2a: Venusaur|31\/100\n|-damage|p1a: dogecoin|40\/100|[from] item: Life Orb\n|\n|-weather|none\n|upkeep\n|turn|17\n|\n|t:|1764263850\n|move|p1a: dogecoin|Crunch|p2a: Venusaur\n|-damage|p2a: Venusaur|0 fnt\n|faint|p2a: Venusaur\n|-damage|p1a: dogecoin|30\/100|[from] item: Life Orb\n|\n|upkeep\n|\n|t:|1764263852\n|switch|p2a: Great Tusk|Great Tusk|100\/100\n|turn|18\n|\n|t:|1764263854\n|move|p1a: dogecoin|Close Combat|p2a: Great Tusk\n|-damage|p2a: Great Tusk|45\/100\n|-unboost|p1a: dogecoin|def|1\n|-unboost|p1a: dogecoin|spd|1\n|-damage|p1a: dogecoin|20\/100|[from] item: Life Orb\n|move|p2a: Great Tusk|Headlong Rush|p1a: dogecoin\n|-damage|p1a: dogecoin|0 fnt\n|-unboost|p2a: Great Tusk|def|1\n|-unboost|p2a: Great Tusk|spd|1\n|faint|p1a: dogecoin\n|\n|upkeep\n|\n|t:|1764263856\n|switch|p1a: Rotation|Iron Treads|100\/100\n|turn|19\n|c|\u2606spamtongspamtondr|cmon treads\n|c|\u2606spamtongspamtondr|if there ever was a time to prove yourself\n|c|\u2606spamtongspamtondr|its now\n|\n|t:|1764263870\n|-terastallize|p2a: Great Tusk|Fire\n|move|p1a: Rotation|Earthquake|p2a: Great Tusk\n|-supereffective|p2a: Great Tusk\n|-damage|p2a: Great Tusk|0 fnt\n|faint|p2a: Great Tusk\n|-end|p2a: Great Tusk|Protosynthesis|[silent]\n|\n|win|spamtongspamtondr\n|raw|spamtongspamtondr's rating: 1387 &rarr; <strong>1410<\/strong><br \/>(+23 for winning)\n|raw|ausar489's rating: 1439 &rarr; <strong>1416<\/strong><br \/>(-23 for losing)\n|c|\u2606spamtongspamtondr|gg\n|l|\u203dausar489\n|player|p2|\n|l|\u2606spamtongspamtondr\n|player|p1|\n","uploadtime":1764264046,"views":1,"formatid":"gen9ou","rating":1410,"private":0,"password":null}