{
"id": "smogtours-gen9ou-823351",
"format": "[Gen 9] OU",
"players": [
"blunderr",
"leng loi"
],
"log": "|inactive|Battle timer is ON: inactive players will automatically lose when time's up.\n|t:|1741127757\n|gametype|singles\n|player|p1|blunderr|#splxvtyrants|\n|player|p2|leng loi|#splxviclassiest2|\n|teamsize|p1|6\n|teamsize|p2|6\n|gen|9\n|tier|[Gen 9] OU\n|rule|Species Clause: Limit one of each Pokémon\n|rule|OHKO Clause: OHKO moves are banned\n|rule|Evasion Items Clause: Evasion items are banned\n|rule|Evasion Moves Clause: Evasion moves are banned\n|rule|Endless Battle Clause: Forcing endless battles is banned\n|rule|HP Percentage Mod: HP is shown in percentages\n|rule|Sleep Moves Clause: Sleep-inducing moves are banned\n|clearpoke\n|poke|p1|Latios, M|\n|poke|p1|Samurott-Hisui, F|\n|poke|p1|Tinkaton, F|\n|poke|p1|Dragonite, F|\n|poke|p1|Landorus-Therian, M|\n|poke|p1|Dragapult, F|\n|poke|p2|Weavile, F|\n|poke|p2|Great Tusk|\n|poke|p2|Glimmora, F|\n|poke|p2|Roaring Moon|\n|poke|p2|Iron Crown|\n|poke|p2|Ting-Lu|\n|teampreview\n|c|☆leng loi|hf\n|c|☆blunderr|u2\n|inactive|leng loi has 270 seconds left.\n|inactive|blunderr has 270 seconds left.\n|inactive|leng loi has 240 seconds left.\n|\n|t:|1741127823\n|start\n|switch|p1a: Samurott|Samurott-Hisui, F|100/100\n|switch|p2a: Palisade|Great Tusk|100/100\n|-enditem|p2a: Palisade|Booster Energy\n|-activate|p2a: Palisade|ability: Protosynthesis|[fromitem]\n|-start|p2a: Palisade|protosynthesisatk\n|turn|1\n|\n|t:|1741127839\n|switch|p1a: Dragapult|Dragapult, F|100/100\n|move|p2a: Palisade|Ice Spinner|p1a: Dragapult\n|-supereffective|p1a: Dragapult\n|-damage|p1a: Dragapult|1/100\n|\n|upkeep\n|turn|2\n|inactive|leng loi has 270 seconds left.\n|\n|t:|1741127882\n|-end|p2a: Palisade|Protosynthesis|[silent]\n|switch|p2a: Sepsis|Glimmora, F|100/100\n|move|p1a: Dragapult|U-turn|p2a: Sepsis\n|-resisted|p2a: Sepsis\n|-damage|p2a: Sepsis|94/100\n|-activate|p2a: Sepsis|ability: Toxic Debris\n|-sidestart|p1: blunderr|move: Toxic Spikes\n|-enditem|p2a: Sepsis|Red Card|[of] p1a: Dragapult\n|drag|p1a: Latios|Latios, M|100/100\n|\n|upkeep\n|turn|3\n|\n|t:|1741127890\n|switch|p2a: Mandate|Ting-Lu|100/100\n|-ability|p2a: Mandate|Vessel of Ruin\n|move|p1a: Latios|Calm Mind|p1a: Latios\n|-boost|p1a: Latios|spa|1\n|-boost|p1a: Latios|spd|1\n|\n|upkeep\n|turn|4\n|inactive|leng loi has 270 seconds left.\n|\n|t:|1741127897\n|move|p1a: Latios|Draco Meteor|p2a: Mandate\n|-damage|p2a: Mandate|34/100\n|-unboost|p1a: Latios|spa|2\n|move|p2a: Mandate|Ruination|p1a: Latios\n|-damage|p1a: Latios|51/100\n|\n|upkeep\n|turn|5\n|\n|t:|1741127901\n|move|p1a: Latios|Draco Meteor|p2a: Mandate\n|-damage|p2a: Mandate|2/100\n|-unboost|p1a: Latios|spa|2\n|move|p2a: Mandate|Stealth Rock|p1a: Latios\n|-sidestart|p1: blunderr|move: Stealth Rock\n|\n|upkeep\n|turn|6\n|\n|t:|1741127905\n|move|p1a: Latios|Recover|p1a: Latios\n|-heal|p1a: Latios|100/100\n|move|p2a: Mandate|Ruination|p1a: Latios|[miss]\n|-miss|p2a: Mandate|p1a: Latios\n|\n|upkeep\n|turn|7\n|\n|t:|1741127912\n|switch|p2a: Clarent|Iron Crown|100/100\n|-enditem|p2a: Clarent|Booster Energy\n|-activate|p2a: Clarent|ability: Quark Drive|[fromitem]\n|-start|p2a: Clarent|quarkdrivespe\n|move|p1a: Latios|Draco Meteor|p2a: Clarent\n|-resisted|p2a: Clarent\n|-damage|p2a: Clarent|83/100\n|-unboost|p1a: Latios|spa|2\n|\n|upkeep\n|turn|8\n|\n|t:|1741127922\n|switch|p1a: Dragonite|Dragonite, F|100/100\n|move|p2a: Clarent|Calm Mind|p2a: Clarent\n|-boost|p2a: Clarent|spa|1\n|-boost|p2a: Clarent|spd|1\n|\n|upkeep\n|turn|9\n|\n|t:|1741127926\n|move|p2a: Clarent|Tachyon Cutter|p1a: Dragonite\n|-damage|p1a: Dragonite|81/100\n|-damage|p1a: Dragonite|41/100\n|-hitcount|p1a: Dragonite|2\n|move|p1a: Dragonite|Earthquake|p2a: Clarent\n|-supereffective|p2a: Clarent\n|-damage|p2a: Clarent|4/100\n|\n|upkeep\n|turn|10\n|\n|t:|1741127932\n|move|p1a: Dragonite|Extreme Speed|p2a: Clarent\n|-resisted|p2a: Clarent\n|-damage|p2a: Clarent|0 fnt\n|faint|p2a: Clarent\n|-end|p2a: Clarent|Quark Drive|[silent]\n|\n|upkeep\n|\n|t:|1741127948\n|switch|p2a: Palisade|Great Tusk|100/100\n|turn|11\n|\n|t:|1741127956\n|switch|p1a: Dragapult|Dragapult, F|1/100\n|move|p2a: Palisade|Ice Spinner|p1a: Dragapult\n|-supereffective|p1a: Dragapult\n|-damage|p1a: Dragapult|0 fnt\n|faint|p1a: Dragapult\n|\n|upkeep\n|\n|t:|1741127959\n|switch|p1a: Latios|Latios, M|100/100\n|-damage|p1a: Latios|88/100|[from] Stealth Rock\n|turn|12\n|\n|t:|1741127963\n|-end|p2a: Palisade|Protosynthesis|[silent]\n|switch|p2a: Mandate|Ting-Lu|2/100\n|-ability|p2a: Mandate|Vessel of Ruin\n|move|p1a: Latios|Calm Mind|p1a: Latios\n|-boost|p1a: Latios|spa|1\n|-boost|p1a: Latios|spd|1\n|\n|upkeep\n|turn|13\n|\n|t:|1741127967\n|move|p1a: Latios|Draco Meteor|p2a: Mandate\n|-damage|p2a: Mandate|0 fnt\n|-unboost|p1a: Latios|spa|2\n|faint|p2a: Mandate\n|\n|upkeep\n|\n|t:|1741127972\n|switch|p2a: Redhand|Weavile, F|100/100\n|-ability|p2a: Redhand|Pressure\n|turn|14\n|\n|t:|1741127993\n|move|p2a: Redhand|Knock Off|p1a: Latios\n|-supereffective|p1a: Latios\n|-damage|p1a: Latios|0 fnt\n|-enditem|p1a: Latios|Soul Dew|[from] move: Knock Off|[of] p2a: Redhand\n|faint|p1a: Latios\n|-damage|p2a: Redhand|91/100|[from] item: Life Orb\n|\n|upkeep\n|\n|t:|1741127999\n|switch|p1a: Samurott|Samurott-Hisui, F|100/100\n|turn|15\n|\n|t:|1741128011\n|switch|p2a: Sepsis|Glimmora, F|94/100\n|move|p1a: Samurott|Razor Shell|p2a: Sepsis\n|-supereffective|p2a: Sepsis\n|-damage|p2a: Sepsis|4/100\n|-activate|p2a: Sepsis|ability: Toxic Debris\n|-sidestart|p1: blunderr|move: Toxic Spikes\n|\n|upkeep\n|turn|16\n|\n|t:|1741128016\n|move|p1a: Samurott|Ceaseless Edge|p2a: Sepsis\n|-damage|p2a: Sepsis|0 fnt\n|-sidestart|p2: leng loi|Spikes\n|faint|p2a: Sepsis\n|\n|upkeep\n|\n|t:|1741128029\n|switch|p2a: Palisade|Great Tusk|100/100\n|-damage|p2a: Palisade|88/100|[from] Spikes\n|turn|17\n|\n|t:|1741128036\n|move|p1a: Samurott|Razor Shell|p2a: Palisade\n|-supereffective|p2a: Palisade\n|-damage|p2a: Palisade|18/100\n|-unboost|p2a: Palisade|def|1\n|move|p2a: Palisade|Close Combat|p1a: Samurott\n|-supereffective|p1a: Samurott\n|-damage|p1a: Samurott|0 fnt\n|-unboost|p2a: Palisade|def|1\n|-unboost|p2a: Palisade|spd|1\n|faint|p1a: Samurott\n|\n|upkeep\n|inactive|blunderr has 270 seconds left.\n|inactive|blunderr has 240 seconds left.\n|\n|t:|1741128099\n|switch|p1a: Landorus|Landorus-Therian, M|100/100\n|-damage|p1a: Landorus|88/100|[from] Stealth Rock\n|-ability|p1a: Landorus|Intimidate|boost\n|-unboost|p2a: Palisade|atk|1\n|turn|18\n|\n|t:|1741128126\n|move|p1a: Landorus|Earthquake|p2a: Palisade\n|-damage|p2a: Palisade|0 fnt\n|faint|p2a: Palisade\n|-end|p2a: Palisade|Protosynthesis|[silent]\n|\n|upkeep\n|inactive|leng loi has 270 seconds left.\n|\n|t:|1741128142\n|switch|p2a: Redhand|Weavile, F|91/100\n|-damage|p2a: Redhand|78/100|[from] Spikes\n|-ability|p2a: Redhand|Pressure\n|turn|19\n|inactive|leng loi has 270 seconds left.\n|inactive|blunderr has 240 seconds left.\n|inactive|leng loi has 240 seconds left.\n|inactive|blunderr has 210 seconds left.\n|inactive|blunderr has 180 seconds left.\n|inactive|leng loi has 210 seconds left.\n|inactive|blunderr has 150 seconds left.\n|\n|t:|1741128258\n|switch|p1a: Tinkaton|Tinkaton, F|100/100\n|-damage|p1a: Tinkaton|94/100|[from] Stealth Rock\n|-item|p1a: Tinkaton|Air Balloon\n|move|p2a: Redhand|Ice Shard|p1a: Tinkaton\n|-resisted|p1a: Tinkaton\n|-damage|p1a: Tinkaton|81/100\n|-enditem|p1a: Tinkaton|Air Balloon\n|-damage|p2a: Redhand|68/100|[from] item: Life Orb\n|\n|upkeep\n|turn|20\n|inactive|blunderr has 150 seconds left.\n|inactive|leng loi has 210 seconds left.\n|\n|t:|1741128282\n|move|p2a: Redhand|Triple Axel|p1a: Tinkaton\n|-resisted|p1a: Tinkaton\n|-damage|p1a: Tinkaton|74/100\n|-resisted|p1a: Tinkaton\n|-damage|p1a: Tinkaton|58/100\n|-resisted|p1a: Tinkaton\n|-damage|p1a: Tinkaton|35/100\n|-hitcount|p1a: Tinkaton|3\n|-enditem|p2a: Redhand|Life Orb|[silent]|[from] ability: Pickpocket|[of] p2a: Redhand\n|-item|p1a: Tinkaton|Life Orb|[from] ability: Pickpocket|[of] p2a: Redhand\n|move|p1a: Tinkaton|Thunder Wave|p2a: Redhand\n|-status|p2a: Redhand|par\n|\n|upkeep\n|turn|21\n|inactive|blunderr has 150 seconds left.\n|inactive|leng loi has 180 seconds left.\n|inactive|blunderr has 120 seconds left.\n|inactive|leng loi has 150 seconds left.\n|inactive|blunderr has 90 seconds left.\n|\n|t:|1741128353\n|move|p2a: Redhand|Ice Shard|p1a: Tinkaton\n|-resisted|p1a: Tinkaton\n|-damage|p1a: Tinkaton|25/100\n|move|p1a: Tinkaton|Gigaton Hammer|p2a: Redhand\n|-supereffective|p2a: Redhand\n|-damage|p2a: Redhand|0 fnt\n|faint|p2a: Redhand\n|-damage|p1a: Tinkaton|15/100|[from] item: Life Orb\n|\n|upkeep\n|\n|t:|1741128359\n|switch|p2a: Transgressor|Roaring Moon|100/100\n|-damage|p2a: Transgressor|88/100|[from] Spikes\n|-enditem|p2a: Transgressor|Booster Energy\n|-activate|p2a: Transgressor|ability: Protosynthesis|[fromitem]\n|-start|p2a: Transgressor|protosynthesisatk\n|turn|22\n|inactive|leng loi has 150 seconds left.\n|inactive|blunderr has 90 seconds left.\n|\n|t:|1741128381\n|move|p2a: Transgressor|Knock Off|p1a: Tinkaton\n|-resisted|p1a: Tinkaton\n|-damage|p1a: Tinkaton|0 fnt\n|-enditem|p1a: Tinkaton|Life Orb|[from] move: Knock Off|[of] p2a: Transgressor\n|faint|p1a: Tinkaton\n|\n|upkeep\n|\n|t:|1741128387\n|switch|p1a: Landorus|Landorus-Therian, M|88/100\n|-damage|p1a: Landorus|76/100|[from] Stealth Rock\n|-ability|p1a: Landorus|Intimidate|boost\n|-unboost|p2a: Transgressor|atk|1\n|turn|23\n|\n|t:|1741128393\n|-terastallize|p2a: Transgressor|Ghost\n|move|p2a: Transgressor|Dragon Dance|p2a: Transgressor\n|-boost|p2a: Transgressor|atk|1\n|-boost|p2a: Transgressor|spe|1\n|move|p1a: Landorus|Earthquake|p2a: Transgressor\n|-damage|p2a: Transgressor|40/100\n|\n|upkeep\n|turn|24\n|inactive|leng loi has 150 seconds left.\n|inactive|blunderr has 90 seconds left.\n|\n|t:|1741128409\n|move|p2a: Transgressor|Knock Off|p1a: Landorus\n|-damage|p1a: Landorus|8/100\n|-damage|p2a: Transgressor|24/100|[from] item: Rocky Helmet|[of] p1a: Landorus\n|-enditem|p1a: Landorus|Rocky Helmet|[from] move: Knock Off|[of] p2a: Transgressor\n|move|p1a: Landorus|Earthquake|p2a: Transgressor\n|-damage|p2a: Transgressor|0 fnt\n|faint|p2a: Transgressor\n|-end|p2a: Transgressor|Protosynthesis|[silent]\n|\n|win|blunderr\n|c|☆blunderr|Gg\n|c|☆leng loi|gg\n|player|p1|\n",
"uploadtime": 1741128409,
"views": 1131,
"formatid": "gen9ou",
"rating": null,
"private": 0,
"password": null
}